<?xml version="1.0" encoding="UTF-8"?><collection xmlns="http://www.loc.gov/MARC21/slim"><record><leader>00442nam--2200169-i-4500</leader><controlfield tag="001">000031500</controlfield><controlfield tag="002">20161230</controlfield><controlfield tag="005">20161230201038</controlfield><controlfield tag="008">060222s1000------------r-----000-0-eng-d</controlfield><datafield ind1=" " ind2=" " tag="040"><subfield code="a">IFIN-HH</subfield></datafield><datafield ind1=" " ind2=" " tag="080"><subfield code="a">537.222.22</subfield></datafield><datafield ind1="1" ind2=" " tag="100"><subfield code="a">Long, Donald</subfield></datafield><datafield ind1="1" ind2="0" tag="245"><subfield code="a">Energy bands in semiconductors</subfield><subfield code="c">Donald long</subfield></datafield><datafield ind1=" " ind2=" " tag="260"><subfield code="a">New York</subfield><subfield code="b">Interscience Publishers</subfield><subfield code="c">1968</subfield></datafield><datafield ind1=" " ind2=" " tag="300"><subfield code="a">XIV+212P</subfield></datafield><datafield ind1=" " ind2=" " tag="852"><subfield code="a">29647</subfield><subfield code="c">537.311.33</subfield></datafield><datafield ind1=" " ind2=" " tag="CAT"><subfield code="a">Sys</subfield><subfield code="c">20110720</subfield><subfield code="h">142551</subfield></datafield></record></collection>